<?xml version="1.0" encoding="UTF-8"?><collection xmlns="http://www.loc.gov/MARC21/slim"><record><leader>00352nam--2200109-i-4500</leader><controlfield tag="001">000043153</controlfield><controlfield tag="002">20161230</controlfield><controlfield tag="005">20161230201043</controlfield><controlfield tag="008">060222s1000------------r-----000-0-eng-d</controlfield><datafield ind1=" " ind2=" " tag="245"><subfield code="a">Supplementary list of publications of the nat.bureau of standards july 1, 1947 to june 30, 1957</subfield></datafield><datafield ind1=" " ind2=" " tag="260"><subfield code="a">Washington, U.S.Government Printing Off.,1958. 373 P</subfield></datafield><datafield ind1=" " ind2=" " tag="852"><subfield code="a">D1042</subfield></datafield></record></collection>